
@online{noauthor_aggo_nodate,
	title = {{AGGO} Instrumental},
	url = {https://www.aggo-conicet.gob.ar/instrumental.php},
	urldate = {2024-03-01},
	file = {AGGO:/home/vbettachini/storage/Zotero/storage/PMYV99PK/instrumental.html:text/html},
}

@online{noauthor_centro_nodate,
	title = {Centro de Procesamiento Científico de Datos {GNSS}},
	url = {https://www.ign.gob.ar/NuestrasActividades/Geodesia/CPC-Ar},
	titleaddon = {Instituto Geográfico Nacional},
	urldate = {2024-04-16},
	file = {Introducción | Instituto Geográfico Nacional:/home/vbettachini/storage/Zotero/storage/SXY5J25E/CIGA.html:text/html},
}

@online{noauthor_nevada_2024,
	title = {Nevada Geodetic Laboratory},
	url = {http://geodesy.unr.edu/index.php},
	titleaddon = {University of Nevada},
	urldate = {2024-04-16},
	date = {2024-04-06},
	file = {Nevada Geodetic Laboratory - Home:/home/vbettachini/storage/Zotero/storage/4MI84VAT/index.html:text/html},
}

@online{m_floyd_gamitglobk_2024,
	title = {{GAMIT}/{GLOBK}},
	url = {http://geoweb.mit.edu/gg/},
	author = {{M. Floyd}},
	urldate = {2024-04-16},
	date = {2024-03-29},
	file = {GAMIT/GLOBK:/home/vbettachini/storage/Zotero/storage/MY2K44DL/gg.html:text/html},
}

@online{noauthor_magnet_nodate,
	title = {{MAGNET} + Global {GPS} Network Map},
	url = {http://geodesy.unr.edu/NGLStationPages/gpsnetmap/GPSNetMap.html},
	titleaddon = {Nevada Geodetic Laboratory},
	urldate = {2024-04-16},
	file = {MAGNET + Global GPS Network Map:/home/vbettachini/storage/Zotero/storage/26FI3QTW/GPSNetMap.html:text/html},
}
